@string{CVPR = {Proceedings of the {IEEE} Conference on Computer Vision and Pattern Recognition ({CVPR})}}

@string{ICCV = {Proceedings of the {IEEE} International Conference on Computer Vision ({ICCV})}}

@article{sweeney2002k,
	title={k-anonymity: A model for protecting privacy},
	author={Sweeney, Latanya},
	journal={International Journal of Uncertainty, Fuzziness and Knowledge-Based Systems},
	volume={10},
	number={05},
	pages={557--570},
	year={2002},
	publisher={World Scientific}
}


@inproceedings{dwork2006calibrating,
	title={Calibrating noise to sensitivity in private data analysis},
	author={Dwork, Cynthia and McSherry, Frank and Nissim, Kobbi and Smith, Adam},
	booktitle={Theory of cryptography conference},
	pages={265--284},
	year={2006},
	organization={Springer}
}

@inproceedings{bichsel92simple,
	author = {M. Bichsel and Alex P. Pentland},
	title = {A Simple Algorithm For Shape From Shading},
	booktitle = CVPR,
	year = {1992},
	pages = {459--465},
	url = {citeseer.csail.mit.edu/bichsel92simple.html},
}

@inproceedings{dror01statistics,
	author = {Ron O. Dror and Thomas K. Leung and Edward H. Adelson and Alan S. Willsky},
	title = {Statistics of Real-World Illumination},
	booktitle = CVPR,
	year = {2001},
	month = {December},
}

@inproceedings{guisser92new,
	title={A new 3-D surface measurement system using a structured light},
	author={Guisser, Latifa and Payrissat, Ren{\'e} and Castan, Serge},
	booktitle={Proceedings 1992 IEEE Computer Society Conference on Computer Vision and Pattern Recognition},
	pages={784--785},
	year={1992},
	organization={IEEE Computer Society}
}


@book{horn86robot,
	title = {Robot Vision},
	publisher = {McGraw-Hill Book Company, Cambridge, Massachusetts},
	year = {1986},
	author = {Berthold Klaus Paul Horn},
	note = {MIT Electrical Engineering and Computer Science Series},
}

@inproceedings{hougen93estimation,
	author = {Darrel R. Hougen and Narendra Ahuja},
	title = {Estimation Of The Light Source Distribution And Its Use In Integrated Shape Recovery From Stereo And Shading},
	booktitle = ICCV,
	year = {1993},
	pages = {148--155},
}

@inproceedings{samaras99coupled,
	author = {Dimitris Samaras and Dimitris Metaxas},
	title = {Coupled Lighting Direction and Shape Estimation from Single Images},
	booktitle = ICCV,
	year = {1999},
	pages = {868--874},
}

@inproceedings{sato01stability,
	author = {Imari Sato and Yoichi Sato and Katsushi Ikeuchi},
	title = {Stability Issues in Recovering Illumination Distribution from Brightness in Shadows},
	booktitle = CVPR,
	year = {2001},
	pages = {400--407},
	month = {December},
}

@inproceedings{sato99illumination2,
	author = {Imari Sato and Yoichi Sato and Katsushi Ikeuchi},
	title = {Illumination Distribution from Brightness in Shadows: Adaptive Estimation of Illumination Distribution with Unknown Reflectance Properties in Shadow Regions},
	booktitle = ICCV,
	year = {1999},
	pages = {875--882},
	month = {September},
	citeseerurl = {http://citeseer.lcs.mit.edu/sato99illumination.html},
}

@inproceedings{sato99illumination1,
	author = {Imari Sato and Yoichi Sato and Katsushi Ikeuchi},
	title = {Illumination Distribution from Shadows},
	booktitle = CVPR,
	year = {1999},
	pages = {306--312},
	month = {June},
}

@article{shashua97photometric,
	author = {Amnon Shashua},
	title = {On Photometric Issues in {3D} Visual Recognition from a Single {2D} Image},
	journal = {International Journal of Computer Vision ({IJCV})},
	year = {1997},
	volume = {21},
	pages = {99--122},
	number = {1/2},
}
